<record><leader>00000cas a2200000 a 4500</leader><controlfield tag="001">12403867</controlfield><controlfield tag="008">850820d18851888ksuwr ne      0    0eng d</controlfield><datafield ind1=" " ind2=" " tag="010"><subfield code="a">sn 85032004 </subfield></datafield><datafield ind1=" " ind2=" " tag="040"><subfield code="a">KSH</subfield><subfield code="b">eng</subfield><subfield code="c">KSH</subfield><subfield code="d">NPT</subfield><subfield code="d">OCL</subfield><subfield code="d">OCLCQ</subfield></datafield><datafield ind1=" " ind2=" " tag="042"><subfield code="a">msc</subfield></datafield><datafield ind1="0" ind2="4" tag="245"><subfield code="a">The Celia enterprise.</subfield></datafield><datafield ind1=" " ind2=" " tag="260"><subfield code="a">Celia, Kan. :</subfield><subfield code="b">Fred H. Eno,</subfield><subfield code="c">1885-1888.</subfield></datafield><datafield ind1=" " ind2=" " tag="300"><subfield code="a">3 v. ;</subfield><subfield code="c">52 cm.</subfield></datafield><datafield ind1=" " ind2=" " tag="310"><subfield code="a">Weekly</subfield></datafield><datafield ind1="0" ind2=" " tag="362"><subfield code="a">Vol. 1, no. 1 (Dec. 12, 1885)-v. 3, no. 39 (Aug. 30, 1888).</subfield></datafield><datafield ind1=" " ind2=" " tag="500"><subfield code="a">Published by: J.R. Sedgewick, Jan. 6- Apr. 21, 1887; Fred H. Eno, Apr. 28, 1887-Aug. 30, 1888.</subfield></datafield><datafield ind1=" " ind2=" " tag="752"><subfield code="a">United States</subfield><subfield code="b">Kansas</subfield><subfield code="c">Rawlins</subfield><subfield code="d">Celia.</subfield></datafield><datafield ind1="0" ind2="0" tag="785"><subfield code="t">McDonald times</subfield><subfield code="w">(DLC)sn 85032000</subfield></datafield><datafield ind1="1" ind2=" " tag="029"><subfield code="a">AU@</subfield><subfield code="b">000022165044</subfield></datafield></record>